@ONLINE{Google2014:Online,
  author = {{Google Inc.}},
  title = {The New Multi-screen World: Understanding Cross-pllattform Consumer Behavior. {@ONLINE}},
  month = aug,
  year = {2012},
  note    = {\url{http://think.withgoogle.com/databoard/media/pdfs/the-new-multi-screen-world-study_research-studies.pdf} (Zuletzt besucht am 13.10.2014)},
}

@book{baun2012computernetze,
  title={Computernetze kompakt},
  author={Baun, C.},
  isbn={9783642289873},
  series={IT kompakt},
  url={http://books.google.de/books?id=1-w2LgEACAAJ},
  year={2012},
  publisher={Springer Berlin Heidelberg}
}

@inproceedings{wirtz2011establishing,
  title={Establishing mobile ad-hoc networks in 802.11 infrastructure mode},
  author={Wirtz, Hanno and Heer, Tobias and Backhaus, Robert and Wehrle, Klaus},
  booktitle={Proceedings of the 6th ACM workshop on Challenged networks},
  pages={49--52},
  year={2011},
  organization={ACM}
}

@article{agrawal2012near,
  title={Near field communication},
  author={Agrawal, Pankaj and Bhuraria, Sharad},
  journal={IT Matters},
  volume={67},
  year={2012}
}

 @ONLINE{wiki:Direktverbindung,
   author = {Wikipedia},
   title = {Direktverbindung. {@ONLINE}},
   year = {2013},
   note = {\url{http://de.wikipedia.org/w/index.php?title=Direktverbindung&oldid=125864281} (Zuletzt besucht am 26. Oktober 2014)}
 }

  @ONLINE{wiki:WIFI-Direct,
   author = {Wikipedia},
   title = {Wi-Fi Direct. {@ONLINE}},
   year = {2014},
   note = {\url{http://en.wikipedia.org/w/index.php?title=Wi-Fi_Direct&oldid=628824438} (Zuletzt besucht am 28-October-2014)}
 }

 @book{Nielsen:1995:UE:526071,
 author = {Nielsen, Jakob},
 title = {Usability Engineering},
 year = {1995},
 isbn = {0125184069},
 publisher = {Morgan Kaufmann Publishers Inc.},
 address = {San Francisco, CA, USA},
}

@manual{iBeacon:2014,
  title        = {Getting Startet with iBeacon},
  author       = {Apple Computer}, 
  organization = {Apple Computer},
  edition      = 1,
  month        = 6,
  year         = 2014,
}

@ONLINE{AppleAccelerometer:Online,
  author = {Apple Computer},
  title = {Motion Events. {@ONLINE}},
  month = feb,
  year = {2015},
  note    = {\url{https://developer.apple.com/library/ios/documentation/EventHandling/Conceptual/EventHandlingiPhoneOS/motion_event_basics/motion_event_basics.html} (Zuletzt besucht am 15.12.2014)}
}

@ONLINE{AppleLocationServices:Online,
  author = {{Apple Computer}},
  title = {iOS 7: Grundlagen zu den Ortungsdiensten. {@ONLINE}},
  month = jun,
  year = {2014},
  note    = {\url{http://support.apple.com/de-de/HT5594} (Zuletzt besucht am 15.12.2014)}
}

@ONLINE{AppleMultipeer:Online,
  author = {Apple Computer},
  title = {About Multipeer Connectivity. {@ONLINE}},
  month = sep,
  year = {2013},
  note    = {\url{https://developer.apple.com/library/ios/documentation/MultipeerConnectivity/Reference/MultipeerConnectivityFramework/index.html#//apple_ref/doc/uid/TP40013328} (Zuletzt besucht am 04.01.2015)}
}

@ONLINE{AppleCollectionTypes:Online,
  author = {{Apple Computer}},
  title = {Collection Types. {@ONLINE}},
  month = okt,
  year = {2014},
  note    = {\url{https://developer.apple.com/library/ios/documentation/Swift/Conceptual/Swift_Programming_Language/CollectionTypes.html} (Zuletzt besucht am 11.02.2015)}
}

@ONLINE{AppleMCNearbyServiceAdvertiser:Online,
  author = {{Apple Computer}},
  title = {MCNearbyServiceAdvertiser. {@ONLINE}},
  month = okt,
  year = {2013},
  note    = {\url{https://developer.apple.com/library/ios/documentation/MultipeerConnectivity/Reference/MCNearbyServiceAdvertiserClassRef/#//apple_ref/occ/instm/MCNearbyServiceAdvertiser/initWithPeer:discoveryInfo:serviceType:} (Zuletzt besucht am 11.02.2015)},
}

@ONLINE{AppleNSData:Online,
  author = {{Apple Computer}},
  title = {NSData. {@ONLINE}},
  month = sep,
  year = {2014},
  note    = {\url{https://developer.apple.com/library/mac/documentation/Cocoa/Reference/Foundation/Classes/NSData_Class/} (Zuletzt besucht am 11.02.2015)}
}

@ONLINE{CoreBluetooth:Online,
  author = {{Apple Computer}},
  title = {CoreBluetooth. {@ONLINE}},
  month = aug,
  year = {2013},
  note    = {\url{https://developer.apple.com/library/ios/documentation/CoreBluetooth/Reference/CoreBluetooth_Framework/} (Zuletzt besucht am 19.02.2015)}
}

@ONLINE{AppleNFC:Online,
  author = {{Apple Computer}},
  title = {iOS Securtiy. {@ONLINE}},
  month = okt,
  year = {2014},
  note    = {\url{https://www.apple.com/br/privacy/docs/iOS_Security_Guide_Oct_2014.pdf/} (Zuletzt besucht am 19.02.2015)}
}

@ONLINE{MicrosoftWIFI:Online,
  author = {{Microsoft}},
  title = {Native Wifi. {@ONLINE}},
  year = {2015},
  note    = {\url{https://msdn.microsoft.com/en-us/library/windows/desktop/ms706556(v=vs.85).aspx
} (Zuletzt besucht am 19.02.2015)},
}

@ONLINE{MicrosoftBluetooth:Online,
  author = {{Microsoft}},
  title = {Bluetooth for Windows Phone 8. {@ONLINE}},
  year = {2015},
  note    = {\url{https://msdn.microsoft.com/en-us/library/windows/apps/jj207007(v=vs.105).aspx} (Zuletzt besucht am 19.02.2015)}
}

@ONLINE{MicrosoftNFC:Online,
  author = {{Microsoft}},
  title = {Proximity for Windows Phone 8. {@ONLINE}},
  year = {2015},
  note    = {\url{https://msdn.microsoft.com/en-us/library/windows/apps/jj207060(v=vs.105).aspx} (Zuletzt besucht am 19.02.2015)}
}

@ONLINE{AndroidWifi:Online,
  author = {{Google}},
  title = {Wi-Fi Peer-to-Peer. {@ONLINE}},
  year = {2015},
  note    = {\url{http://developer.android.com/guide/topics/connectivity/wifip2p.html} (Zuletzt besucht am 19.02.2015)}
}

@ONLINE{AndroidBluetooth:Online,
  author = {{Google}},
  title = {Bluetooth. {@ONLINE}},
  year = {2015},
  note    = {\url{http://developer.android.com/guide/topics/connectivity/bluetooth.html} (Zuletzt besucht am 19.02.2015)}
}

@ONLINE{AndroidNFC:Online,
  author = {{Google}},
  title = {Near Field Communication. {@ONLINE}},
  year = {2015},
  note    = {\url{http://developer.android.com/guide/topics/connectivity/nfc/index.html} (Zuletzt besucht am 19.02.2015)}
}

@ONLINE{AndroidDiscovery:Online,
  author = {{Google}},
  title = {Network Service Discovery. {@ONLINE}},
  year = {2015},
  note    = {\url{http://developer.android.com/training/connect-devices-wirelessly/nsd.html
} (Zuletzt besucht am 21.02.2015)}
}

@ONLINE{AboutBonjour:Online,
  author = {{Apple Computer}},
  title = {About Bonjour. {@ONLINE}},
  month = apr,
  year = {2014},
  note    = {\url{https://developer.apple.com/library/mac/documentation/Cocoa/Conceptual/NetServices/Introduction.html
} (Zuletzt besucht am 19.02.2015)}
}

@ONLINE{ wiki:iBeacon,
  author = {Wikipedia},
  title = {IBeacon. {@ONLINE}},
  year = {2014},
  note = {\url{http://en.wikipedia.org/w/index.php?title=IBeacon&oldid=637123428} (Zuletzt besucht am 15-December-2014)}
}

@ONLINE{ wiki:GPS,
  author = {Wikipedia},
  title = {Global Positioning System. {@ONLINE}},
  year = {2014},
  note = {\url{http://de.wikipedia.org/w/index.php?title=Global_Positioning_System&oldid=136577722} (Zuletzt besucht am 15. Dezember 2014)}
}

@ONLINE{LTE:Online,
  author = {{3GPP}},
  title = {LTE. {@ONLINE}},
  note    = {\url{http://www.3gpp.org/technologies/keywords-acronyms/98-lte} (Zuletzt besucht am 15.12.2014)},
}

@ONLINE{HDSPA:Online,
  author = {{3GPP}},
  title = {HDSPA+. {@ONLINE}},
  note    = {\url{http://www.3gpp.org/technologies/keywords-acronyms/99-hspa} (Zuletzt besucht am 15.12.2014)},
}

@ONLINE{EstimoteBeaconSignal:Online,
  author = {{Estimote, Inc.}},
  title = {Beacons' signal characteristics. {@ONLINE}},
  month = dez,
  year = {2014},
  note    = {\url{https://community.estimote.com/hc/en-us/articles/201029223-Beacons-signal-characteristics-
} (Zuletzt besucht am 09.01.2015)}
}

@inproceedings{ravi2005activity,
  title={Activity recognition from accelerometer data},
  author={Ravi, Nishkam and Dandekar, Nikhil and Mysore, Preetham and Littman, Michael L},
  booktitle={AAAI},
  volume={5},
  pages={1541--1546},
  year={2005}
}

@ONLINE{BumpPicPhone:Online,
  author = {{Landon Robinson}},
  title = {Bump and Flock Apps Being Discontinued This Month. {@ONLINE}},
  month = jan,
  year = {2014},
  note    = {\url{http://www.besttechie.com/2014/01/01/bump-and-flock-apps-being-discontinued-this-month/
} (Zuletzt besucht am 14.02.2015)}
}

@ONLINE{Bump:Online,
  author = {{bump technologies}},
  title = {Bump your Computer. {@ONLINE}},
  month = feb,
  year = {2013},
  note    = { \url{http://blog.bu.mp
} (Zuletzt besucht am 14.02.2015)}
}

@ONLINE{HoccerPics:Online,
  author = {{salesworker.com GmbH}},
  title = {Hoccer. {@ONLINE}},
  note    = {\url{http://www.geprueft.de/profil/hoccer
} (Zuletzt besucht am 15.02.2015)},
}

@ONLINE{HinkleyPic2:Online,
  author = {{Christian Remse}},
  title = {Diese neuen Technologien plant Apple. {@ONLINE}},
  month = aug,
  year = {2011},
  note    = {\url{http://www.pcwelt.de/ratgeber/Diese-neuen-Technologien-bringt-Apple-3335209.html
} (Zuletzt besucht am 15.02.2015)}
}


@ONLINE{Hoccer:Online,
  author = {{Maarten Jansen}},
  title = {App review: Hoccer. {@ONLINE}},
  month = okt,
  year = {2011},
  note    = {\url{http://mastersofmedia.hum.uva.nl/2011/10/09/app-review-hoccer/
} (Zuletzt besucht am 14.02.2015)}
}

@inproceedings{Chen:2014:ASF:2632048.2632090,
 author = {Chen, Ke-Yu and Ashbrook, Daniel and Goel, Mayank and Lee, Sung-Hyuck and Patel, Shwetak},
 title = {AirLink: Sharing Files Between Multiple Devices Using In-air Gestures},
 booktitle = {Proceedings of the 2014 ACM International Joint Conference on Pervasive and Ubiquitous Computing},
 series = {UbiComp '14},
 year = {2014},
 isbn = {978-1-4503-2968-2},
 location = {Seattle, Washington},
 pages = {565--569},
 numpages = {5},
 url = {http://doi.acm.org/10.1145/2632048.2632090},
 doi = {10.1145/2632048.2632090},
 acmid = {2632090},
 publisher = {ACM},
 address = {New York, NY, USA},
 keywords = {doppler effect, gestures, mobile phones, multipledevice environment, sensing},
}

@inproceedings{Hinckley:2003:SGM:964696.964713,
 author = {Hinckley, Ken},
 title = {Synchronous Gestures for Multiple Persons and Computers},
 booktitle = {Proceedings of the 16th Annual ACM Symposium on User Interface Software and Technology},
 series = {UIST '03},
 year = {2003},
 isbn = {1-58113-636-6},
 location = {Vancouver, Canada},
 pages = {149--158},
 numpages = {10},
 url = {http://doi.acm.org/10.1145/964696.964713},
 doi = {10.1145/964696.964713},
 acmid = {964713},
 publisher = {ACM},
 address = {New York, NY, USA},
 keywords = {context awareness, distributed sensor systems, input devices, multi-user interfaces, sensors, ubiquitous computing},
} 

@article{Yatani:2006:TII:1184855.1184874,
 author = {Yatani, Koji and Tamura, Koiti and Hiroki, Keiichi and Sugimoto, Masanori and Hashizume, Hiromichi},
 title = {Toss-It: Intuitive Information Transfer Techniques for Mobile Devices Using Toss and Swing Actions},
 journal = {IEICE - Trans. Inf. Syst.},
 issue_date = {January 2006},
 volume = {E89-D},
 number = {1},
 month = jan,
 year = {2006},
 issn = {0916-8532},
 pages = {150--157},
 numpages = {8},
 url = {http://dx.doi.org/10.1093/ietisy/e89-d.1.150},
 doi = {10.1093/ietisy/e89-d.1.150},
 acmid = {1184874},
 publisher = {Oxford University Press},
 address = {Oxford, UK},
 keywords = {mobile devices, intuitive interfaces, information transfer, gesture recognition, location recognition},
} 

@inproceedings{Lucero:2011:PCU:1978942.1979201,
 author = {Lucero, Andr{\'e}s and Holopainen, Jussi and Jokela, Tero},
 title = {Pass-them-around: Collaborative Use of Mobile Phones for Photo Sharing},
 booktitle = {Proceedings of the SIGCHI Conference on Human Factors in Computing Systems},
 series = {CHI '11},
 year = {2011},
 isbn = {978-1-4503-0228-9},
 location = {Vancouver, BC, Canada},
 pages = {1787--1796},
 numpages = {10},
 url = {http://doi.acm.org/10.1145/1978942.1979201},
 doi = {10.1145/1978942.1979201},
 acmid = {1979201},
 publisher = {ACM},
 address = {New York, NY, USA},
 keywords = {collocated interaction, handheld devices, photo sharing.},
}

@book{schill2012verteilte,
  title={Verteilte Systeme: Grundlagen und Basistechnologien},
  author={Schill, Alexander and Springer, Thomas},
  year={2012},
  publisher={Springer-Verlag}
}

@inproceedings{cheng2002service,
  title={Service advertisement and discovery in mobile ad hoc networks},
  author={Cheng, Liang},
  booktitle={Proc. of CSCW},
  year={2002},
  organization={Citeseer}
}

@article{rodriguez2008restful,
  title={Restful web services: The basics},
  author={Rodriguez, Alex},
  journal={IBM developerWorks},
  year={2008}
}

@misc{lando2007efficient,
  title={Efficient server polling system and method},
  author={Lando, Noam and Haller, Amit},
  year={2007},
  month=sep # "~28",
  publisher={Google Patents},
  note={US Patent App. 11/864,271}
}

@article{lubbers2010html5,
  title={Html5 web sockets: A quantum leap in scalability for the web},
  author={Lubbers, Peter and Greco, Frank},
  journal={SOA World Magazine},
  year={2010}
}

@article{Terrenghi:2009:TAM:1644246.1644265,
 author = {Terrenghi, Lucia and Quigley, Aaron and Dix, Alan},
 title = {A Taxonomy for and Analysis of Multi-person-display Ecosystems},
 journal = {Personal Ubiquitous Comput.},
 issue_date = {November  2009},
 volume = {13},
 number = {8},
 month = nov,
 year = {2009},
 issn = {1617-4909},
 pages = {583--598},
 numpages = {16},
 url = {http://dx.doi.org/10.1007/s00779-009-0244-5},
 doi = {10.1007/s00779-009-0244-5},
 acmid = {1644265},
 publisher = {Springer-Verlag},
 address = {London, UK, UK},
 keywords = {Display ecosystem scale, Display systems, Gesture, Human computer interaction, Interaction design, Social interaction, Surface interfaces, Tabletop},
} 